<?xml version="1.0" encoding="UTF-8"?><collection xmlns="http://www.loc.gov/MARC21/slim"><record><leader>00516nam--2200193-i-4500</leader><controlfield tag="001">000040277</controlfield><controlfield tag="002">20161230</controlfield><controlfield tag="005">20161230201042</controlfield><controlfield tag="008">060222s1000------------r-----000-0-rus-d</controlfield><datafield ind1=" " ind2=" " tag="040"><subfield code="a">IFIN-H</subfield></datafield><datafield ind1=" " ind2=" " tag="041"><subfield code="a">rus</subfield></datafield><datafield ind1=" " ind2=" " tag="080"><subfield code="a">539.16(021)</subfield></datafield><datafield ind1="1" ind2=" " tag="100"><subfield code="a">Djelepov, B.S</subfield></datafield><datafield ind1="1" ind2="0" tag="245"><subfield code="a">Vliianie elektriceskogo polia atoma na beta-raspad</subfield><subfield code="c">B.s. djelepov, l.i. zirianova</subfield></datafield><datafield ind1=" " ind2=" " tag="260"><subfield code="a">Moskva</subfield><subfield code="b">Akademii Nauk Sssr</subfield><subfield code="c">1956</subfield></datafield><datafield ind1=" " ind2=" " tag="300"><subfield code="a">312P</subfield></datafield><datafield ind1="1" ind2=" " tag="700"><subfield code="a">Zirianova, L.I</subfield></datafield><datafield ind1=" " ind2=" " tag="852"><subfield code="a">4415</subfield><subfield code="c">539.16</subfield></datafield><datafield ind1=" " ind2=" " tag="CAT"><subfield code="a">Sys</subfield><subfield code="c">20120514</subfield><subfield code="h">132714</subfield></datafield></record></collection>